% BioNets Types
@book{przulj2017analyzing,
  title     = {Analyzing Network Data in Biology and Medicine},
  author    = {Pržulj, Nataša},
  year      = {2017},
  publisher = {Springer},
  series    = {Interdisciplinary Applied Mathematics},
  isbn      = {9783319551460}
}
